@article{guenter2012foveated,
  title={Foveated 3D graphics},
  author={Guenter, Brian and Finch, Mark and Drucker, Steven and Tan, Desney and Snyder, John},
  journal={ACM Transactions on Graphics (TOG)},
  volume={31},
  number={6},
  pages={164},
  year={2012},
  publisher={ACM}
}

@manual{EyeLink1000P,
  title =        {The EyeLink\textsuperscript{\textregistered} 1000 Plus Eye Tracker},
  author =       {SR Research},
  month =        {November},
  year =         2016,
  note =         {\url{https://www.sr-research.com/wp-content/uploads/2017/07/EyeLink-1000-Plus-Brochure-2016-November.pdf}}
}

@inproceedings{zemblys2018making,
  title={Making stand-alone PS-OG technology tolerant to the equipment shifts},
  author={Zemblys, Raimondas and Komogortsev, Oleg},
  booktitle={Proceedings of the 7th Workshop on Pervasive Eye Tracking and Mobile Eye-Based Interaction},
  pages={2},
  year={2018},
  organization={ACM}
}